@String(PAMI = {IEEE Trans. Pattern Anal. Mach. Intell.})
@String(IJCV = {Int. J. Comput. Vis.})
@String(CVPR= {IEEE Conf. Comput. Vis. Pattern Recog.})
@String(ICCV= {Int. Conf. Comput. Vis.})
@String(ECCV= {Eur. Conf. Comput. Vis.})
@String(NIPS= {Adv. Neural Inform. Process. Syst.})
@String(ICPR = {Int. Conf. Pattern Recog.})
@String(BMVC= {Brit. Mach. Vis. Conf.})
@String(TOG= {ACM Trans. Graph.})
@String(TIP  = {IEEE Trans. Image Process.})
@String(TVCG  = {IEEE Trans. Vis. Comput. Graph.})
@String(TMM  = {IEEE Trans. Multimedia})
@String(ACMMM= {ACM Int. Conf. Multimedia})
@String(ICME = {Int. Conf. Multimedia and Expo})
@String(ICASSP=	{ICASSP})
@String(ICIP = {IEEE Int. Conf. Image Process.})
@String(ACCV  = {ACCV})
@String(ICLR = {Int. Conf. Learn. Represent.})
@String(IJCAI = {IJCAI})
@String(PR   = {Pattern Recognition})
@String(AAAI = {AAAI})
@String(CVPRW= {IEEE Conf. Comput. Vis. Pattern Recog. Worksh.})
@String(CSVT = {IEEE Trans. Circuit Syst. Video Technol.})

@String(SPL	= {IEEE Sign. Process. Letters})
@String(VR   = {Vis. Res.})
@String(JOV	 = {J. Vis.})
@String(TVC  = {The Vis. Comput.})
@String(JCST  = {J. Comput. Sci. Tech.})
@String(CGF  = {Comput. Graph. Forum})
@String(CVM = {Computational Visual Media})


@String(PAMI  = {IEEE TPAMI})
@String(IJCV  = {IJCV})
@String(CVPR  = {CVPR})
@String(ICCV  = {ICCV})
@String(ECCV  = {ECCV})
@String(NIPS  = {NeurIPS})
@String(ICPR  = {ICPR})
@String(BMVC  =	{BMVC})
@String(TOG   = {ACM TOG})
@String(TIP   = {IEEE TIP})
@String(TVCG  = {IEEE TVCG})
@String(TCSVT = {IEEE TCSVT})
@String(TMM   =	{IEEE TMM})
@String(ACMMM = {ACM MM})
@String(ICME  =	{ICME})
@String(ICASSP=	{ICASSP})
@String(ICIP  = {ICIP})
@String(ACCV  = {ACCV})
@String(ICLR  = {ICLR})
@String(IJCAI = {IJCAI})
@String(PR = {PR})
@String(AAAI = {AAAI})
@String(CVPRW= {CVPRW})
@String(CSVT = {IEEE TCSVT})



@misc{Authors14,
 author = {FirstName LastName},
 title = {The frobnicatable foo filter},
 note = {Face and Gesture submission ID 324. Supplied as supplemental material {\tt fg324.pdf}},
 year = 2014
}

@misc{Authors14b,
 author = {FirstName LastName},
 title = {Frobnication tutorial},
 note = {Supplied as supplemental material {\tt tr.pdf}},
 year = 2014
}

@article{Alpher02,
author = {FirstName Alpher},
title = {Frobnication},
journal = PAMI,
volume = 12,
number = 1,
pages = {234--778},
year = 2002
}

@article{Alpher03,
author = {FirstName Alpher and  FirstName Fotheringham-Smythe},
title = {Frobnication revisited},
journal = {Journal of Foo},
volume = 13,
number = 1,
pages = {234--778},
year = 2003
}

@article{Alpher04,
author = {FirstName Alpher and FirstName Fotheringham-Smythe and FirstName Gamow},
title = {Can a machine frobnicate?},
journal = {Journal of Foo},
volume = 14,
number = 1,
pages = {234--778},
year = 2004
}

@inproceedings{Alpher05,
author = {FirstName Alpher and FirstName Gamow},
title = {Can a computer frobnicate?},
booktitle = CVPR,
pages = {234--778},
year = 2005
}

@article{lee2024twlv,
  title={TWLV-I: Analysis and Insights from Holistic Evaluation on Video Foundation Models},
  author={Lee, Hyeongmin and Kim, Jin-Young and Baek, Kyungjune and Kim, Jihwan and Go, Hyojun and Ha, Seongsu and Han, Seokjin and Jang, Jiho and Jung, Raehyuk and Kim, Daewoo and others},
  journal={arXiv preprint arXiv:2408.11318},
  year={2024}
}

@article{jung2024pegasus,
  title={Pegasus-v1 technical report},
  author={Jung, Raehyuk and Go, Hyojun and Yi, Jaehyuk and Jang, Jiho and Kim, Daniel and Suh, Jay and Lee, Aiden and Han, Cooper and Lee, Jae and Kim, Jeff and others},
  journal={arXiv preprint arXiv:2404.14687},
  year={2024}
}

# TimeSformer
@inproceedings{bertasius2021space,
  title={Is space-time attention all you need for video understanding?},
  author={Bertasius, Gedas and Wang, Heng and Torresani, Lorenzo},
  booktitle={ICML},
  volume={2},
  number={3},
  pages={4},
  year={2021}
}

@inproceedings{balat2024tikguard,
  title={TikGuard: A Deep Learning Transformer-Based Solution for Detecting Unsuitable TikTok Content for Kids},
  author={Balat, Mazen and Gabr, Mahmoud and Bakr, Hend and Zaky, Ahmed B},
  booktitle={2024 6th Novel Intelligent and Leading Emerging Sciences Conference (NILES)},
  pages={337--340},
  year={2024},
  organization={IEEE}
}

@article{abu2016youtube,
  title={Youtube-8m: A large-scale video classification benchmark},
  author={Abu-El-Haija, Sami and Kothari, Nisarg and Lee, Joonseok and Natsev, Paul and Toderici, George and Varadarajan, Balakrishnan and Vijayanarasimhan, Sudheendra},
  journal={arXiv preprint arXiv:1609.08675},
  year={2016}
}

@article{mcinnes2018umap,
  title={Umap: Uniform manifold approximation and projection for dimension reduction},
  author={McInnes, Leland and Healy, John and Melville, James},
  journal={arXiv preprint arXiv:1802.03426},
  year={2018}
}

@article{kay2017kinetics,
  title={The kinetics human action video dataset},
  author={Kay, Will and Carreira, Joao and Simonyan, Karen and Zhang, Brian and Hillier, Chloe and Vijayanarasimhan, Sudheendra and Viola, Fabio and Green, Tim and Back, Trevor and Natsev, Paul and others},
  journal={arXiv preprint arXiv:1705.06950},
  year={2017}
}

@article{loshchilov2016sgdr,
  title={Sgdr: Stochastic gradient descent with warm restarts},
  author={Loshchilov, Ilya and Hutter, Frank},
  journal={arXiv preprint arXiv:1608.03983},
  year={2016}
}

@inproceedings{arnab2021vivit,
  title={Vivit: A video vision transformer},
  author={Arnab, Anurag and Dehghani, Mostafa and Heigold, Georg and Sun, Chen and Lu{\v{c}}i{\'c}, Mario and Schmid, Cordelia},
  booktitle={Proceedings of the IEEE/CVF international conference on computer vision},
  pages={6836--6846},
  year={2021}
}

@article{tong2022videomae,
  title={Videomae: Masked autoencoders are data-efficient learners for self-supervised video pre-training},
  author={Tong, Zhan and Song, Yibing and Wang, Jue and Wang, Limin},
  journal={Advances in neural information processing systems},
  volume={35},
  pages={10078--10093},
  year={2022}
}

@article{hendrycks2016gaussian,
  title={Gaussian error linear units (gelus)},
  author={Hendrycks, Dan and Gimpel, Kevin},
  journal={arXiv preprint arXiv:1606.08415},
  year={2016}
}

@article{loshchilov2017decoupled,
  title={Decoupled weight decay regularization},
  author={Loshchilov, Ilya and Hutter, Frank},
  journal={arXiv preprint arXiv:1711.05101},
  year={2017}
}


@misc{openai_text_embedding_3_large,
  author       = {{OpenAI}},
  title        = {text-embedding-3-large},
  year         = {2023},
  howpublished = {\url{https://platform.openai.com/docs/models/text-embedding-3-large}},
}

@misc{twelvelabs_embed_api_doc,
  author       = {{Twelve Labs}},
  title        = {Create Embeddings | Twelve Labs Embed API},
  year         = {2024},
  howpublished = {\url{https://docs.twelvelabs.io/docs/create-embeddings}},
}